@manual{sample,
  author = {TU Dortmund},
  title = {Versuch zum Literaturverzeichnis},
  year = 2014
}
@book{taschenbuch_physik,
  author = {Horst Kuschling},
  title = {Taschenbuch der Physik},
  year = 1978,
  publisher = {Verlag Harri Deutsch}
}
@Misc{tool,
title = {The Engineering ToolBox},
note = {Eingesehen am 19.01.2020},
url={https://www.engineeringtoolbox.com/thermal-conductivity-d_429.html},
}
