@manual{V803, 
    author = "TU Dortmund",
    title = "Versuchsanleitung zu Versuch Nr. 803 Das Hooksche Gesetz",
    year = 2019,
}

@manual{V308, 
    author = "TU Dortmund",
    title = "Versuchsanleitung zu Versuch Nr. 308 Spulen und Magnetfelder",
    year = 2019,
}

@manual{V802, 
    author = "TU Dortmund",
    title = "Versuchsanleitung zu Versuch Nr. 802 Die Fouriersynthese",
    year = 2019,
}

@manual{V355, 
    author = "TU Dortmund",
    title = "Versuchsanleitung zu Versuch Nr. 355 Die gekoppelten Schwingkreise",
    year = 2019,
}

@manual{V302, 
    author = "TU Dortmund",
    title = "Versuchsanleitung zu Versuch Nr. 302 Brückenschaltungen",
    year = 2019,
}

@manual{V353, 
    author = "TU Dortmund",
    title = "Versuchsanleitung zu Versuch Nr. 353 RC-Kreis",
    year = 2019,
}

@manual{V103, 
    author = "TU Dortmund",
    title = "Versuchsanleitung zu Versuch Nr. 103 Biegung elastischer Stäbe",
    year = 2019,
}

@manual{V101, 
    author = "TU Dortmund",
    title = "Versuchsanleitung zu Versuch Nr. 101 Das Trägheitsmoment",
    year = 2020,
}

@manual{V204, 
    author = "TU Dortmund",
    title = "Versuchsanleitung zu Versuch Nr. 204 Wärmeleitfähighkeit",
    year = 2020,
}

@manual{V201, 
    author = "TU Dortmund",
    title = "Versuchsanleitung zu Versuch Nr. 201 Das Dulong-Petit Gesetz",
    year = 2020,
}

@manual{V206, 
    author = "TU Dortmund",
    title = "Versuchsanleitung zu Versuch Nr. 206 Die Wärmepumpe",
    year = 2020,
}

@manual{V603, 
    author = "TU Dortmund",
    title = "Versuchsanleitung zu Versuch Nr. 603 Der Compton-Effekt",
    year = 2020,
}
@manual{V602, 
    author = "TU Dortmund",
    title = "Versuchsanleitung zu Versuch Nr. 602 Röntgenemission und -absorption",
    year = 2020,
}
@manual{V702, 
    author = "TU Dortmund",
    title = "Versuchsanleitung zu Versuch Nr. 702 Aktivierung mit Neutronen",
    year = 2020,
}
@manual{V703, 
    author = "TU Dortmund",
    title = "Versuchsanleitung zu Versuch Nr. 703 Das Geiger-Müller-Zählrohr",
    year = 2020,
}
@manual{V502, 
    author = "TU Dortmund",
    title = "Versuchsanleitung zu Versuch Nr. 502 Elektronen im B-Feld",
    year = 2020,
}
@manual{V901, 
    author = "TU Dortmund",
    title = "Versuchsanleitung zu Versuch Nr. 901 Grundlagen der Ultraschalltechnik",
    year = 2020,
}
@manual{V408, 
    author = "TU Dortmund",
    title = "Versuchsanleitung zu Versuch Nr. 408 Geometrische Optik",
    year = 2020,
}
@manual{V504, 
    author = "TU Dortmund",
    title = "Versuchsanleitung zu Versuch Nr. 504 Thermische Elektronenemission",
    year = 2020,
}

